<?xml version="1.0" encoding="UTF-8"?><collection xmlns="http://www.loc.gov/MARC21/slim"><record><leader>00629nam--2200181-i-4500</leader><controlfield tag="001">000029408</controlfield><controlfield tag="002">20161230</controlfield><controlfield tag="005">20161230201037</controlfield><controlfield tag="008">060222s1000------------r-----000-0-fre-d</controlfield><datafield ind1=" " ind2=" " tag="040"><subfield code="a">IFIN-HH</subfield></datafield><datafield ind1=" " ind2=" " tag="041"><subfield code="a">fre</subfield></datafield><datafield ind1=" " ind2=" " tag="080"><subfield code="a">539.171.112(043)</subfield></datafield><datafield ind1="1" ind2=" " tag="100"><subfield code="a">L`Huillier, Marcelle</subfield></datafield><datafield ind1="1" ind2="0" tag="245"><subfield code="a">Contribution theorique a la diffusion nucleon-deuton a moyenne energie: analyse des amplitudes hors couche de l`interaction n-n; interpretation des experiences p + d - p + p + n a 155 mev</subfield><subfield code="b">These</subfield><subfield code="c">Marcelle l'huillier</subfield></datafield><datafield ind1=" " ind2=" " tag="260"><subfield code="a">Paris</subfield><subfield code="b">Universite</subfield><subfield code="c">1974</subfield></datafield><datafield ind1=" " ind2=" " tag="300"><subfield code="a">124P. + V</subfield></datafield><datafield ind1=" " ind2=" " tag="852"><subfield code="a">49674</subfield><subfield code="c">539.17</subfield></datafield><datafield ind1=" " ind2=" " tag="CAT"><subfield code="a">Sys</subfield><subfield code="c">20120619</subfield><subfield code="h">145706</subfield></datafield></record></collection>